% Encoding: UTF-8

@article{Einstein1905,
    author =       "Albert Einstein",
    title =        "{Zur Elektrodynamik bewegter K{\"o}rper}. ({German})
        [{On} the electrodynamics of moving bodies]",
    journal =      "Annalen der Physik",
    volume =       "322",
    number =       "10",
    pages =        "891--921",
    year =         "1905",
    DOI =          "http://dx.doi.org/10.1002/andp.19053221004"
}
 
@book{Goossens1993,
    author    = "Michel Goossens and Frank Mittelbach and Alexander Samarin",
    title     = "The \LaTeX\ Companion",
    year      = "1993",
    publisher = "Addison-Wesley",
    address   = "Reading, Massachusetts"
}
 
@misc{Knuth2000,
    author    = "Donald Knuth",
    title     = "Knuth: Computers and Typesetting",
    url       = "http://www-cs-faculty.stanford.edu/\~{}uno/abcde.html"
}

@PhdThesis{Eder2015,
  author   = {Eder, Robert},
  title    = {{{Spannungsorientierte Porosit채tsverteilung in Betonbauteilen}}},
  school   = {Fachgebiet f체r Baustatik und Tragwerkslehre, Fachhochschule K채rnten},
  year     = {2015},
  type     = {Diplomarbeit},
  subtitle = {Grundlagen zur Materialit채t sowie ein numerisches Verfahren zur Gewichtsminimierung},
}

@Comment{jabref-meta: databaseType:bibtex;}
